@article{grbic2023automatic,
  title={Automatic vision-based parking slot detection and occupancy classification},
  author={Grbi{\'c}, Ratko and Koch, Brando},
  journal={Expert systems with applications},
  volume={225},
  pages={120147},
  year={2023},
  publisher={Elsevier}
}
@article{dheeven2024iot,
  title={IoT based sensor enabled vehicle parking system},
  author={Dheeven, T Abhishek and Kumar, P Marish and Venkatesh, V and Sailaja, KA Indu},
  journal={Measurement: Sensors},
  volume={31},
  pages={100953},
  year={2024},
  publisher={Elsevier}
}
@article{acharya2018real,
  title={Real-time image-based parking occupancy detection using deep learning.},
  author={Acharya, Debaditya and Yan, Weilin and Khoshelham, Kourosh},
  journal={Research@ Locate},
  volume={4},
  pages={33--40},
  year={2018}
}
@article{nithya2022smart,
  title={A smart parking system: An IoT based computer vision approach for free parking spot detection using faster R-CNN with YOLOv3 method},
  author={Nithya, R and Priya, V and Sathiya Kumar, C and Dheeba, J and Chandraprabha, K},
  journal={Wireless Personal Communications},
  volume={125},
  number={4},
  pages={3205--3225},
  year={2022},
  publisher={Springer}
}
@inproceedings{muthurajkumar2023swincnn,
  title={SwinCNN: A Hybrid Deep Learning Architecture for Accurate Cotton Disease Prediction},
  author={Muthurajkumar, S and Kumar, G Kajeeth},
  booktitle={2023 12th International Conference on Advanced Computing (ICoAC)},
  pages={1--7},
  year={2023},
  organization={IEEE}
}
@article{subbiah2024comprehensive,
  title={A Comprehensive Review on Enhancing Urban Efficiency in Klang Valley through Smart Sensor-Based Road Management},
  author={Subbiah, Ahgalya and Darshan, Darren and Mahfoud, Asma and Hamidu, Rizati},
  journal={Journal of Computing Research and Innovation},
  volume={9},
  number={1},
  pages={16--30},
  year={2024}
}
@article{varone2024solar,
  title={Solar parking lot management: An IoT platform for smart charging EV fleets, using real-time data and production forecasts},
  author={Varone, Alberto and Heilmann, Zeno and Porruvecchio, Guido and Romanino, Alessandro},
  journal={Renewable and Sustainable Energy Reviews},
  volume={189},
  pages={113845},
  year={2024},
  publisher={Elsevier}
}
@article{vijayakumar2024yolo,
  title={YOLO-based Object Detection Models: A Review and its Applications},
  author={Vijayakumar, Ajantha and Vairavasundaram, Subramaniyaswamy},
  journal={Multimedia Tools and Applications},
  pages={1--40},
  year={2024},
  publisher={Springer}
}
@article{ganapathy2024intelligent,
  title={An Intelligent Video Surveillance System for Detecting the Vehicles on Road Using Refined YOLOV4},
  author={Ganapathy, Sannasi and Ajmera, Devansh},
  journal={Computers and Electrical Engineering},
  volume={113},
  pages={109036},
  year={2024},
  publisher={Elsevier}
}+
@article{perkovic2020smart,
  title={Smart parking sensors: State of the art and performance evaluation},
  author={Perkovi{\'c}, Toni and {\v{S}}oli{\'c}, Petar and Zargariasl, Hamid and {\v{C}}oko, Duje and Rodrigues, Joel JPC},
  journal={Journal of Cleaner Production},
  volume={262},
  pages={121181},
  year={2020},
  publisher={Elsevier}
}
@inproceedings{praveen2023convolutional,
  title={Convolutional Neural Network and Capsule Network Fusion for Effective Attrition Classification},
  author={Praveen, R and Pabitha, P and Sakthi, V and Madhavi, S and Sai, R Vijay},
  booktitle={2023 12th International Conference on Advanced Computing (ICoAC)},
  pages={1--6},
  year={2023},
  organization={IEEE}
}
@inproceedings{lin2014microsoft,
  title={Microsoft coco: Common objects in context},
  author={Lin, Tsung-Yi and Maire, Michael and Belongie, Serge and Hays, James and Perona, Pietro and Ramanan, Deva and Doll{\'a}r, Piotr and Zitnick, C Lawrence},
  booktitle={Computer Vision--ECCV 2014: 13th European Conference, Zurich, Switzerland, September 6-12, 2014, Proceedings, Part V 13},
  pages={740--755},
  year={2014},
  organization={Springer}
}
@article{de2015pklot,
  title={PKLot--A robust dataset for parking lot classification},
  author={De Almeida, Paulo RL and Oliveira, Luiz S and Britto Jr, Alceu S and Silva Jr, Eunelson J and Koerich, Alessandro L},
  journal={Expert Systems with Applications},
  volume={42},
  number={11},
  pages={4937--4949},
  year={2015},
  publisher={Elsevier}
}
@article{farley2021real,
  title={Real time IP camera parking occupancy detection using deep learning},
  author={Farley, Albertus and Ham, Hanry and others},
  journal={Procedia Computer Science},
  volume={179},
  pages={606--614},
  year={2021},
  publisher={Elsevier}
}
@article{rafique2023optimized,
  title={Optimized real-time parking management framework using deep learning},
  author={Rafique, Sarmad and Gul, Saba and Jan, Kaleemullah and Khan, Gul Muhammad},
  journal={Expert Systems with Applications},
  volume={220},
  pages={119686},
  year={2023},
  publisher={Elsevier}
}
@article{elomiya2024enhanced,
  title={Enhanced prediction of parking occupancy through fusion of adaptive neuro-fuzzy inference system and deep learning models},
  author={Elomiya, Akram and K{\v{r}}upka, Ji{\v{r}}{\'\i} and Jov{\v{c}}i{\'c}, Stefan and Simic, Vladimir},
  journal={Engineering Applications of Artificial Intelligence},
  volume={129},
  pages={107670},
  year={2024},
  publisher={Elsevier}
}
@article{praveen2023secure,
  title={A secure lightweight fuzzy embedder based user authentication scheme for internet of medical things applications},
  author={Praveen, Ramalingam and Pabitha, Parameswaran},
  journal={Journal of Intelligent \& Fuzzy Systems},
  volume={44},
  number={5},
  pages={7523--7542},
  year={2023},
  publisher={IOS Press}
}
@article{madhavi2023hybrid,
  title={Hybrid Grey PIPRECIA and Grey OCRA method-based dynamic multi-criteria decision-making model for mitigating non-cooperating node attacks in WSNs},
  author={Madhavi, S and Praveen, R and Jagadish Kumar, N and Udhaya Sankar, SM},
  journal={Peer-to-Peer Networking and Applications},
  volume={16},
  number={5},
  pages={2607--2629},
  year={2023},
  publisher={Springer}
}
@article{ramasamy2021fuzzy,
  title={Fuzzy and position particle swarm optimized routing in VANET},
  author={Ramasamy, Viswanathan and Srirangan, Jagatheswari and Ramalingam, Praveen},
  journal={International journal of electrical and computer engineering systems},
  volume={12},
  number={4},
  pages={199--206},
  year={2021},
  publisher={Elektrotehni{\v{c}}ki fakultet Sveu{\v{c}}ili{\v{s}}ta JJ Strossmayera u Osijeku}
}
@article{sudhakar2022improved,
  title={An improved proxy-vehicle based authentication scheme for vehicular ad-hoc networks},
  author={Sudhakar, T and Ramalingam, Praveen and Jagatheswari, S},
  journal={International Journal of information technology},
  volume={14},
  number={5},
  pages={2441--2449},
  year={2022},
  publisher={Springer}
}
@article{jagatheswari2022improved,
  title={Improved grey relational analysis-based TOPSIS method for cooperation enforcing scheme to guarantee quality of service in MANETs},
  author={Jagatheswari, S and Ramalingam, Praveen and Chandra Priya, J},
  journal={International Journal of Information Technology},
  volume={14},
  number={2},
  pages={887--897},
  year={2022},
  publisher={Springer}
}
@inbook{Muthurajkumar2023,
   author = {S. Muthurajkumar and R. Praveen and A. A. Abd El-Aziz and R. Shangeeth and S. Anika Lakshmi and R. Gaythrisri},
   isbn = {9781839537783},
   journal = {Technologies for Healthcare 4.0: From AI and IoT to blockchain},
   keywords = {Decision tree classifier,E-Healthcare,Fuzzy logic,Heart disease prediction,Logistic regression,Machine learning},
   month = {1},
   pages = {63 - 85},
   publisher = {Institution of Engineering and Technology},
   title = {Medical diagnosis of human heart diseases using supervised learning techniques},
   year = {2023},
}
